
   <marc:record>
      <marc:leader>     cjm a22        4500</marc:leader>
      <marc:controlfield tag="001">498627209</marc:controlfield>
      <marc:controlfield tag="003">DE-576</marc:controlfield>
      <marc:controlfield tag="005">20190222123151.0</marc:controlfield>
      <marc:controlfield tag="007">sd uuuuuuuuuuu</marc:controlfield>
      <marc:controlfield tag="008">180208s1990    xx ||||| |||| |   | ger c</marc:controlfield>
      <marc:datafield tag="015" ind1=" " ind2=" ">
         <marc:subfield code="a">91,T05,0246</marc:subfield>
         <marc:subfield code="2">dnb</marc:subfield>
      </marc:datafield>
      <marc:datafield tag="016" ind1="7" ind2=" ">
         <marc:subfield code="a">019387237</marc:subfield>
         <marc:subfield code="2">DE-101</marc:subfield>
      </marc:datafield>
      <marc:datafield tag="028" ind1="5" ind2="2">
         <marc:subfield code="a">9004</marc:subfield>
      </marc:datafield>
      <marc:datafield tag="035" ind1=" " ind2=" ">
         <marc:subfield code="a">(DE-627)1600637981</marc:subfield>
      </marc:datafield>
      <marc:datafield tag="035" ind1=" " ind2=" ">
         <marc:subfield code="a">(DE-576)498627209</marc:subfield>
      </marc:datafield>
      <marc:datafield tag="035" ind1=" " ind2=" ">
         <marc:subfield code="a">(DE-599)DNB409902600</marc:subfield>
      </marc:datafield>
      <marc:datafield tag="035" ind1=" " ind2=" ">
         <marc:subfield code="a">(OCoLC)725805479</marc:subfield>
      </marc:datafield>
      <marc:datafield tag="040" ind1=" " ind2=" ">
         <marc:subfield code="a">DE-576</marc:subfield>
         <marc:subfield code="b">ger</marc:subfield>
         <marc:subfield code="c">DE-576</marc:subfield>
         <marc:subfield code="e">rda</marc:subfield>
      </marc:datafield>
      <marc:datafield tag="041" ind1=" " ind2=" ">
         <marc:subfield code="a">ger</marc:subfield>
      </marc:datafield>
      <marc:datafield tag="084" ind1=" " ind2=" ">
         <marc:subfield code="a">LX 21400</marc:subfield>
         <marc:subfield code="2">rvk</marc:subfield>
         <marc:subfield code="0">(DE-625)rvk/115868:</marc:subfield>
      </marc:datafield>
      <marc:datafield tag="245" ind1="1" ind2="0">
         <marc:subfield code="a">Saltarello</marc:subfield>
      </marc:datafield>
      <marc:datafield tag="264" ind1=" " ind2="1">
         <marc:subfield code="a">Brensbach</marc:subfield>
         <marc:subfield code="b">Verlag der Spielleute</marc:subfield>
         <marc:subfield code="c">[1990]</marc:subfield>
      </marc:datafield>
      <marc:datafield tag="264" ind1=" " ind2="4">
         <marc:subfield code="c">℗ 1990</marc:subfield>
      </marc:datafield>
      <marc:datafield tag="300" ind1=" " ind2=" ">
         <marc:subfield code="a">1 Compact Disc</marc:subfield>
         <marc:subfield code="e">1 Beiheft</marc:subfield>
      </marc:datafield>
      <marc:datafield tag="336" ind1=" " ind2=" ">
         <marc:subfield code="a">aufgeführte Musik</marc:subfield>
         <marc:subfield code="b">prm</marc:subfield>
         <marc:subfield code="2">rdacontent</marc:subfield>
      </marc:datafield>
      <marc:datafield tag="337" ind1=" " ind2=" ">
         <marc:subfield code="a">audio</marc:subfield>
         <marc:subfield code="b">s</marc:subfield>
         <marc:subfield code="2">rdamedia</marc:subfield>
      </marc:datafield>
      <marc:datafield tag="338" ind1=" " ind2=" ">
         <marc:subfield code="a">Audiodisk</marc:subfield>
         <marc:subfield code="b">sd</marc:subfield>
         <marc:subfield code="2">rdacarrier</marc:subfield>
      </marc:datafield>
      <marc:datafield tag="546" ind1=" " ind2=" ">
         <marc:subfield code="a">Enth.: Ecco la primavera. Flos filius lius. Ductia. Exiit diluculo. Sigurdlied. Trotto. Ich spring an diesem Ringe. Pase el agua. Dit le Bourgignon. Der Tröscher. Un cavalier. La gatta. Sauff's aus. Schiarazula. Paur ins Holz. Es wollt ein Fraw. Danseryen. Bransle de Champaigne. Ballo P. Bransle gay. Die Sackpfeifen. Bransle de chevaux</marc:subfield>
      </marc:datafield>
      <marc:datafield tag="655" ind1=" " ind2="7">
         <marc:subfield code="a">CD</marc:subfield>
         <marc:subfield code="0">(DE-588)4522869-3</marc:subfield>
         <marc:subfield code="0">(DE-627)251637565</marc:subfield>
         <marc:subfield code="0">(DE-576)213310740</marc:subfield>
         <marc:subfield code="2">gnd-carrier</marc:subfield>
      </marc:datafield>
      <marc:datafield tag="710" ind1="2" ind2=" ">
         <marc:subfield code="a">Saltarello</marc:subfield>
         <marc:subfield code="g">Dreisbach</marc:subfield>
         <marc:subfield code="e">InstrumentalmusikerIn</marc:subfield>
         <marc:subfield code="0">(DE-588)10294859-8</marc:subfield>
         <marc:subfield code="0">(DE-627)71248910X</marc:subfield>
         <marc:subfield code="0">(DE-576)281957789</marc:subfield>
         <marc:subfield code="4">itr</marc:subfield>
      </marc:datafield>
      <marc:datafield tag="935" ind1=" " ind2=" ">
         <marc:subfield code="c">muto</marc:subfield>
      </marc:datafield>
      <marc:datafield tag="936" ind1="r" ind2="v">
         <marc:subfield code="a">LX 21400</marc:subfield>
         <marc:subfield code="b">Darstellungen zu mehreren Personen</marc:subfield>
         <marc:subfield code="k">Musikwissenschaft</marc:subfield>
         <marc:subfield code="k">III. Tonträger</marc:subfield>
         <marc:subfield code="k">Chronologischer Teil: Tonträger</marc:subfield>
         <marc:subfield code="k">Frühchristentum, Mittelalter</marc:subfield>
         <marc:subfield code="k">Darstellungen zu mehreren Personen</marc:subfield>
         <marc:subfield code="0">(DE-627)1274916879</marc:subfield>
         <marc:subfield code="0">(DE-625)rvk/115868:</marc:subfield>
         <marc:subfield code="0">(DE-576)204916879</marc:subfield>
      </marc:datafield>
      <marc:datafield tag="951" ind1=" " ind2=" ">
         <marc:subfield code="a">BO</marc:subfield>
      </marc:datafield>
   </marc:record>