
   <marc:record>
      <marc:leader>     cgm a22        4500</marc:leader>
      <marc:controlfield tag="001">342503979</marc:controlfield>
      <marc:controlfield tag="003">DE-576</marc:controlfield>
      <marc:controlfield tag="005">20181204070130.0</marc:controlfield>
      <marc:controlfield tag="007">vd uvuuuu</marc:controlfield>
      <marc:controlfield tag="008">110501s2009    xx ||| |      |   v|und c</marc:controlfield>
      <marc:datafield tag="020" ind1=" " ind2=" ">
         <marc:subfield code="c">EUR 9,99</marc:subfield>
      </marc:datafield>
      <marc:datafield tag="028" ind1="5" ind2="2">
         <marc:subfield code="a">K660</marc:subfield>
      </marc:datafield>
      <marc:datafield tag="035" ind1=" " ind2=" ">
         <marc:subfield code="a">(DE-627)1600387489</marc:subfield>
      </marc:datafield>
      <marc:datafield tag="035" ind1=" " ind2=" ">
         <marc:subfield code="a">(DE-576)342503979</marc:subfield>
      </marc:datafield>
      <marc:datafield tag="035" ind1=" " ind2=" ">
         <marc:subfield code="a">(DE-599)BSZ342503979</marc:subfield>
      </marc:datafield>
      <marc:datafield tag="040" ind1=" " ind2=" ">
         <marc:subfield code="a">DE-576</marc:subfield>
         <marc:subfield code="b">ger</marc:subfield>
         <marc:subfield code="c">DE-576</marc:subfield>
         <marc:subfield code="e">rakwb</marc:subfield>
      </marc:datafield>
      <marc:datafield tag="084" ind1=" " ind2=" ">
         <marc:subfield code="a">AP 59400</marc:subfield>
         <marc:subfield code="2">rvk</marc:subfield>
         <marc:subfield code="0">(DE-625)rvk/7791:658</marc:subfield>
      </marc:datafield>
      <marc:datafield tag="245" ind1="1" ind2="0">
         <marc:subfield code="a">Ballet shoes</marc:subfield>
         <marc:subfield code="b">Träume können wahr werden ...</marc:subfield>
         <marc:subfield code="c">geschrieben von Mary Noel Streatfeild. Regie: Sandra Goldbacher. Mit Emma Watson ; Emilia Fox ; Richard Griffiths ...</marc:subfield>
      </marc:datafield>
      <marc:datafield tag="264" ind1=" " ind2="1">
         <marc:subfield code="a">[Wiesbaden]</marc:subfield>
         <marc:subfield code="b">KSM</marc:subfield>
         <marc:subfield code="c">2009</marc:subfield>
      </marc:datafield>
      <marc:datafield tag="300" ind1=" " ind2=" ">
         <marc:subfield code="a">1 DVD-Video (Regionalcode 2, ca. 85 Min.)</marc:subfield>
         <marc:subfield code="b">farb. ; Bildformat : 16:9, 1.78:1</marc:subfield>
      </marc:datafield>
      <marc:datafield tag="336" ind1=" " ind2=" ">
         <marc:subfield code="a">zweidimensionales bewegtes Bild</marc:subfield>
         <marc:subfield code="b">tdi</marc:subfield>
         <marc:subfield code="2">rdacontent</marc:subfield>
      </marc:datafield>
      <marc:datafield tag="337" ind1=" " ind2=" ">
         <marc:subfield code="a">video</marc:subfield>
         <marc:subfield code="b">v</marc:subfield>
         <marc:subfield code="2">rdamedia</marc:subfield>
      </marc:datafield>
      <marc:datafield tag="338" ind1=" " ind2=" ">
         <marc:subfield code="a">Videodisk</marc:subfield>
         <marc:subfield code="b">vd</marc:subfield>
         <marc:subfield code="2">rdacarrier</marc:subfield>
      </marc:datafield>
      <marc:datafield tag="500" ind1=" " ind2=" ">
         <marc:subfield code="a">Extras: Bildergalerie; Filmographien und Biographien; Trailer. - GB, 2007. - FSK o.A.. - Untertitel in dt</marc:subfield>
      </marc:datafield>
      <marc:datafield tag="591" ind1=" " ind2=" ">
         <marc:subfield code="a">IMD-Felder und 1131 maschinell ergänzt (SWB)</marc:subfield>
      </marc:datafield>
      <marc:datafield tag="655" ind1=" " ind2="7">
         <marc:subfield code="a">DVD-Video</marc:subfield>
         <marc:subfield code="0">(DE-588)4585125-6</marc:subfield>
         <marc:subfield code="0">(DE-627)325263515</marc:subfield>
         <marc:subfield code="0">(DE-576)213973456</marc:subfield>
         <marc:subfield code="2">gnd-carrier</marc:subfield>
      </marc:datafield>
      <marc:datafield tag="700" ind1="1" ind2=" ">
         <marc:subfield code="a">Streatfeild, Noel</marc:subfield>
         <marc:subfield code="d">1895-1986</marc:subfield>
         <marc:subfield code="e">Vorl</marc:subfield>
         <marc:subfield code="0">(DE-588)119237857</marc:subfield>
         <marc:subfield code="0">(DE-627)08003893X</marc:subfield>
         <marc:subfield code="0">(DE-576)170282171</marc:subfield>
         <marc:subfield code="4">oth</marc:subfield>
      </marc:datafield>
      <marc:datafield tag="700" ind1="1" ind2=" ">
         <marc:subfield code="a">Goldbacher, Sandra</marc:subfield>
         <marc:subfield code="e">Regie</marc:subfield>
         <marc:subfield code="0">(DE-588)1047692422</marc:subfield>
         <marc:subfield code="0">(DE-627)77892713X</marc:subfield>
         <marc:subfield code="0">(DE-576)401509869</marc:subfield>
         <marc:subfield code="4">oth</marc:subfield>
      </marc:datafield>
      <marc:datafield tag="700" ind1="1" ind2=" ">
         <marc:subfield code="a">Watson, Emma</marc:subfield>
         <marc:subfield code="d">1990-</marc:subfield>
         <marc:subfield code="e">Darst</marc:subfield>
         <marc:subfield code="0">(DE-588)131379097</marc:subfield>
         <marc:subfield code="0">(DE-627)508495814</marc:subfield>
         <marc:subfield code="0">(DE-576)18595653X</marc:subfield>
         <marc:subfield code="4">oth</marc:subfield>
      </marc:datafield>
      <marc:datafield tag="700" ind1="1" ind2=" ">
         <marc:subfield code="a">Fox, Emilia</marc:subfield>
         <marc:subfield code="d">1974-</marc:subfield>
         <marc:subfield code="e">Darst</marc:subfield>
         <marc:subfield code="0">(DE-588)137616996</marc:subfield>
         <marc:subfield code="0">(DE-627)594496535</marc:subfield>
         <marc:subfield code="0">(DE-576)261342002</marc:subfield>
         <marc:subfield code="4">oth</marc:subfield>
      </marc:datafield>
      <marc:datafield tag="700" ind1="1" ind2=" ">
         <marc:subfield code="a">Griffiths, Richard</marc:subfield>
         <marc:subfield code="d">1947-2013</marc:subfield>
         <marc:subfield code="e">Darst</marc:subfield>
         <marc:subfield code="0">(DE-588)13215983X</marc:subfield>
         <marc:subfield code="0">(DE-627)51868394X</marc:subfield>
         <marc:subfield code="0">(DE-576)298977605</marc:subfield>
         <marc:subfield code="4">oth</marc:subfield>
      </marc:datafield>
      <marc:datafield tag="936" ind1="r" ind2="v">
         <marc:subfield code="a">AP 59400</marc:subfield>
         <marc:subfield code="b">International, Allgemeines</marc:subfield>
         <marc:subfield code="k">Allgemeines</marc:subfield>
         <marc:subfield code="k">Medien- und Kommunikationswissenschaften, Kommunikationsdesign</marc:subfield>
         <marc:subfield code="k">Film</marc:subfield>
         <marc:subfield code="k">Film in einzelnen Ländern</marc:subfield>
         <marc:subfield code="k">Spielfilm</marc:subfield>
         <marc:subfield code="k">International, Allgemeines</marc:subfield>
         <marc:subfield code="0">(DE-627)1270691279</marc:subfield>
         <marc:subfield code="0">(DE-625)rvk/7791:658</marc:subfield>
         <marc:subfield code="0">(DE-576)200691279</marc:subfield>
      </marc:datafield>
      <marc:datafield tag="951" ind1=" " ind2=" ">
         <marc:subfield code="a">BO</marc:subfield>
      </marc:datafield>
   </marc:record>