
   <marc:record>
      <marc:leader>     cgm a22       c4500</marc:leader>
      <marc:controlfield tag="001">514811889</marc:controlfield>
      <marc:controlfield tag="003">DE-576</marc:controlfield>
      <marc:controlfield tag="005">20190222123441.0</marc:controlfield>
      <marc:controlfield tag="007">vd uvuuuu</marc:controlfield>
      <marc:controlfield tag="008">181205s2009    xx ||| |      |   v|zxx c</marc:controlfield>
      <marc:datafield tag="024" ind1="3" ind2=" ">
         <marc:subfield code="a">089948447597</marc:subfield>
      </marc:datafield>
      <marc:datafield tag="028" ind1="5" ind2="2">
         <marc:subfield code="a"> 4475</marc:subfield>
      </marc:datafield>
      <marc:datafield tag="035" ind1=" " ind2=" ">
         <marc:subfield code="a">(DE-627)1584811889</marc:subfield>
      </marc:datafield>
      <marc:datafield tag="035" ind1=" " ind2=" ">
         <marc:subfield code="a">(DE-576)514811889</marc:subfield>
      </marc:datafield>
      <marc:datafield tag="035" ind1=" " ind2=" ">
         <marc:subfield code="a">(DE-599)BSZ514811889</marc:subfield>
      </marc:datafield>
      <marc:datafield tag="035" ind1=" " ind2=" ">
         <marc:subfield code="a">(OCoLC)1080913818</marc:subfield>
      </marc:datafield>
      <marc:datafield tag="040" ind1=" " ind2=" ">
         <marc:subfield code="a">DE-576</marc:subfield>
         <marc:subfield code="b">ger</marc:subfield>
         <marc:subfield code="c">DE-576</marc:subfield>
         <marc:subfield code="e">rda</marc:subfield>
      </marc:datafield>
      <marc:datafield tag="041" ind1=" " ind2=" ">
         <marc:subfield code="a">zxx</marc:subfield>
      </marc:datafield>
      <marc:datafield tag="245" ind1="1" ind2="4">
         <marc:subfield code="a">The art of the pas de deux</marc:subfield>
         <marc:subfield code="n">Vol. 3</marc:subfield>
         <marc:subfield code="p">Ten great pas de deux</marc:subfield>
      </marc:datafield>
      <marc:datafield tag="264" ind1=" " ind2="1">
         <marc:subfield code="a">New York</marc:subfield>
         <marc:subfield code="b">Video Artists International</marc:subfield>
         <marc:subfield code="c">[2009]</marc:subfield>
      </marc:datafield>
      <marc:datafield tag="264" ind1=" " ind2="4">
         <marc:subfield code="c">© 2009</marc:subfield>
      </marc:datafield>
      <marc:datafield tag="300" ind1=" " ind2=" ">
         <marc:subfield code="a">1 DVD-Video (83 Minuten)</marc:subfield>
         <marc:subfield code="b">farb., mono/stereo, NTSC, region 0</marc:subfield>
      </marc:datafield>
      <marc:datafield tag="336" ind1=" " ind2=" ">
         <marc:subfield code="a">aufgeführte Musik</marc:subfield>
         <marc:subfield code="b">prm</marc:subfield>
         <marc:subfield code="2">rdacontent</marc:subfield>
      </marc:datafield>
      <marc:datafield tag="336" ind1=" " ind2=" ">
         <marc:subfield code="a">zweidimensionales bewegtes Bild</marc:subfield>
         <marc:subfield code="b">tdi</marc:subfield>
         <marc:subfield code="2">rdacontent</marc:subfield>
      </marc:datafield>
      <marc:datafield tag="337" ind1=" " ind2=" ">
         <marc:subfield code="a">video</marc:subfield>
         <marc:subfield code="b">v</marc:subfield>
         <marc:subfield code="2">rdamedia</marc:subfield>
      </marc:datafield>
      <marc:datafield tag="338" ind1=" " ind2=" ">
         <marc:subfield code="a">Videodisk</marc:subfield>
         <marc:subfield code="b">vd</marc:subfield>
         <marc:subfield code="2">rdacarrier</marc:subfield>
      </marc:datafield>
      <marc:datafield tag="500" ind1=" " ind2=" ">
         <marc:subfield code="a">Frühere P-Jahre: 1972, 1976, 1980, 1988, 1982, 1978, 1990, 1974, 1955</marc:subfield>
      </marc:datafield>
      <marc:datafield tag="505" ind1="8" ind2="0">
         <marc:subfield code="t">Sleeping beauty : grand pas de deux</marc:subfield>
         <marc:subfield code="r">dancers: Veronica Tennant, Rudolf Nureyev ; music Pyotr Ilyich Tchaikovsky ; choreography: Marius Petipa</marc:subfield>
      </marc:datafield>
      <marc:datafield tag="505" ind1="8" ind2="0">
         <marc:subfield code="t">Giselle : act II pas de deux</marc:subfield>
         <marc:subfield code="r">dancers: Karen Kain, Frank Augustyn ; music: Adolphe Adam ; Choreography: Jean Coralli &amp; Jules Perrot</marc:subfield>
      </marc:datafield>
      <marc:datafield tag="505" ind1="8" ind2="0">
         <marc:subfield code="t">Swan lake : black swan pas de deux</marc:subfield>
         <marc:subfield code="r">dancers: Maja Plisetskaya, Alexander Bogatirev ; music: Pyotr Ilyich Tchaikovsky ; choreography: Grigorovich, after Petipa and Ivanov</marc:subfield>
      </marc:datafield>
      <marc:datafield tag="505" ind1="8" ind2="0">
         <marc:subfield code="t">Raymonda : pas de deux</marc:subfield>
         <marc:subfield code="r">dancers: Irina Kolpakova, Sergei Berezhnoi ; music: Alexander Glazunov ; Choreography: Marius Petipa</marc:subfield>
      </marc:datafield>
      <marc:datafield tag="505" ind1="8" ind2="0">
         <marc:subfield code="t">Coppélia : pas de deux finale</marc:subfield>
         <marc:subfield code="r">dancers: Cynthia Gregory, Fernando Bujes ; music: Léo Delibes ; choreography and staging: Roni Mahler (after Saint-Leon)</marc:subfield>
      </marc:datafield>
      <marc:datafield tag="505" ind1="8" ind2="0">
         <marc:subfield code="t">Anyuta : pas de deux - Anyuta bids Farewell</marc:subfield>
         <marc:subfield code="r">dancers: Ekaterina Maximova, Marat Daukayev ; music: Valery Gavrilin ; choreography: Vladimir Vasilev</marc:subfield>
      </marc:datafield>
      <marc:datafield tag="505" ind1="8" ind2="0">
         <marc:subfield code="t">Don Quixote : pas de deux finale</marc:subfield>
         <marc:subfield code="r">dancers: Nadezhda Pavlova, Vyacheslav Gordeev ; music: Ludwig Minkus ; choreography: Alexander Gorsky, after Marius Petipa</marc:subfield>
      </marc:datafield>
      <marc:datafield tag="505" ind1="8" ind2="0">
         <marc:subfield code="t">Le baiser de la fèe : pas de deux</marc:subfield>
         <marc:subfield code="r">dancers Ludmila Vasileva, Vladimir Malakhov ; music: Igor Stravinsky ; choreography: N. Kasatkina &amp; V. Vasiliev</marc:subfield>
      </marc:datafield>
      <marc:datafield tag="505" ind1="8" ind2="0">
         <marc:subfield code="t">Romeo and Juliet : balcony scene pas de deux</marc:subfield>
         <marc:subfield code="r">dancers Ekaterina Maximova, Vladimir Vasiliev ; music: Sergei Prokofiev ; choreography: Leonid Lavrovsky</marc:subfield>
      </marc:datafield>
      <marc:datafield tag="505" ind1="8" ind2="0">
         <marc:subfield code="t">Afternoon of a faun</marc:subfield>
         <marc:subfield code="r">dancers: Tanaquil LeClercq,  Jaques d'Amboise ; music: Claude Debussy ; choreography: Jerome Robbins</marc:subfield>
      </marc:datafield>
      <marc:datafield tag="655" ind1=" " ind2="7">
         <marc:subfield code="a">Film</marc:subfield>
         <marc:subfield code="0">(DE-588)4017102-4</marc:subfield>
         <marc:subfield code="0">(DE-627)104559683</marc:subfield>
         <marc:subfield code="0">(DE-576)208918531</marc:subfield>
         <marc:subfield code="2">gnd-content</marc:subfield>
      </marc:datafield>
      <marc:datafield tag="655" ind1=" " ind2="7">
         <marc:subfield code="a">DVD-Video</marc:subfield>
         <marc:subfield code="0">(DE-588)4585125-6</marc:subfield>
         <marc:subfield code="0">(DE-627)325263515</marc:subfield>
         <marc:subfield code="0">(DE-576)213973456</marc:subfield>
         <marc:subfield code="2">gnd-carrier</marc:subfield>
      </marc:datafield>
      <marc:datafield tag="700" ind1="1" ind2=" ">
         <marc:subfield code="a">Tennant, Veronica</marc:subfield>
         <marc:subfield code="d">1947-</marc:subfield>
         <marc:subfield code="e">TänzerIn</marc:subfield>
         <marc:subfield code="0">(DE-588)1154807193</marc:subfield>
         <marc:subfield code="0">(DE-627)1016164130</marc:subfield>
         <marc:subfield code="0">(DE-576)501237364</marc:subfield>
         <marc:subfield code="4">dnc</marc:subfield>
      </marc:datafield>
      <marc:datafield tag="700" ind1="1" ind2=" ">
         <marc:subfield code="a">Nureev, Rudolʹf Ch.</marc:subfield>
         <marc:subfield code="d">1938-1993</marc:subfield>
         <marc:subfield code="e">TänzerIn</marc:subfield>
         <marc:subfield code="0">(DE-588)118589024</marc:subfield>
         <marc:subfield code="0">(DE-627)079382428</marc:subfield>
         <marc:subfield code="0">(DE-576)209052597</marc:subfield>
         <marc:subfield code="4">dnc</marc:subfield>
      </marc:datafield>
      <marc:datafield tag="700" ind1="1" ind2=" ">
         <marc:subfield code="a">Čajkovskij, Pëtr Ilʹič</marc:subfield>
         <marc:subfield code="d">1840-1893</marc:subfield>
         <marc:subfield code="e">KomponistIn</marc:subfield>
         <marc:subfield code="0">(DE-588)118638157</marc:subfield>
         <marc:subfield code="0">(DE-627)13458452X</marc:subfield>
         <marc:subfield code="0">(DE-576)160001935</marc:subfield>
         <marc:subfield code="4">cmp</marc:subfield>
      </marc:datafield>
      <marc:datafield tag="700" ind1="1" ind2=" ">
         <marc:subfield code="a">Petipa, Marius</marc:subfield>
         <marc:subfield code="d">1818-1910</marc:subfield>
         <marc:subfield code="e">ChoreografIn</marc:subfield>
         <marc:subfield code="0">(DE-588)11859320X</marc:subfield>
         <marc:subfield code="0">(DE-627)079386326</marc:subfield>
         <marc:subfield code="0">(DE-576)170829189</marc:subfield>
         <marc:subfield code="4">chr</marc:subfield>
      </marc:datafield>
      <marc:datafield tag="700" ind1="1" ind2=" ">
         <marc:subfield code="a">Kain, Karen</marc:subfield>
         <marc:subfield code="d">1951-</marc:subfield>
         <marc:subfield code="e">TänzerIn</marc:subfield>
         <marc:subfield code="0">(DE-588)119402572</marc:subfield>
         <marc:subfield code="0">(DE-627)080216048</marc:subfield>
         <marc:subfield code="0">(DE-576)212404113</marc:subfield>
         <marc:subfield code="4">dnc</marc:subfield>
      </marc:datafield>
      <marc:datafield tag="700" ind1="1" ind2=" ">
         <marc:subfield code="a">Augustyn, Frank</marc:subfield>
         <marc:subfield code="d">1953-</marc:subfield>
         <marc:subfield code="e">TänzerIn</marc:subfield>
         <marc:subfield code="0">(DE-588)143261657</marc:subfield>
         <marc:subfield code="0">(DE-627)704436345</marc:subfield>
         <marc:subfield code="0">(DE-576)335944752</marc:subfield>
         <marc:subfield code="4">dnc</marc:subfield>
      </marc:datafield>
      <marc:datafield tag="700" ind1="1" ind2=" ">
         <marc:subfield code="a">Adam, Adolphe</marc:subfield>
         <marc:subfield code="d">1803-1856</marc:subfield>
         <marc:subfield code="e">KomponistIn</marc:subfield>
         <marc:subfield code="0">(DE-588)11864372X</marc:subfield>
         <marc:subfield code="0">(DE-627)134623894</marc:subfield>
         <marc:subfield code="0">(DE-576)166319279</marc:subfield>
         <marc:subfield code="4">cmp</marc:subfield>
      </marc:datafield>
      <marc:datafield tag="700" ind1="1" ind2=" ">
         <marc:subfield code="a">Coralli, Jean</marc:subfield>
         <marc:subfield code="d">1779-1854</marc:subfield>
         <marc:subfield code="e">ChoreografIn</marc:subfield>
         <marc:subfield code="0">(DE-588)116670940</marc:subfield>
         <marc:subfield code="0">(DE-627)078155223</marc:subfield>
         <marc:subfield code="0">(DE-576)290734428</marc:subfield>
         <marc:subfield code="4">chr</marc:subfield>
      </marc:datafield>
      <marc:datafield tag="700" ind1="1" ind2=" ">
         <marc:subfield code="a">Perrot, Jules</marc:subfield>
         <marc:subfield code="d">1810-1892</marc:subfield>
         <marc:subfield code="e">ChoreografIn</marc:subfield>
         <marc:subfield code="0">(DE-588)104344849</marc:subfield>
         <marc:subfield code="0">(DE-627)077058968</marc:subfield>
         <marc:subfield code="0">(DE-576)289480507</marc:subfield>
         <marc:subfield code="4">chr</marc:subfield>
      </marc:datafield>
      <marc:datafield tag="700" ind1="1" ind2=" ">
         <marc:subfield code="a">Pliseckaja, Majja Michajlovna</marc:subfield>
         <marc:subfield code="d">1925-2015</marc:subfield>
         <marc:subfield code="e">TänzerIn</marc:subfield>
         <marc:subfield code="0">(DE-588)118741128</marc:subfield>
         <marc:subfield code="0">(DE-627)079521622</marc:subfield>
         <marc:subfield code="0">(DE-576)209385375</marc:subfield>
         <marc:subfield code="4">dnc</marc:subfield>
      </marc:datafield>
      <marc:datafield tag="700" ind1="1" ind2=" ">
         <marc:subfield code="a">Bogatirev, Alexander</marc:subfield>
         <marc:subfield code="e">TänzerIn</marc:subfield>
         <marc:subfield code="4">dnc</marc:subfield>
      </marc:datafield>
      <marc:datafield tag="700" ind1="1" ind2=" ">
         <marc:subfield code="a">Grigorovič, Jurij N.</marc:subfield>
         <marc:subfield code="d">1927-</marc:subfield>
         <marc:subfield code="e">ChoreografIn</marc:subfield>
         <marc:subfield code="0">(DE-588)118718878</marc:subfield>
         <marc:subfield code="0">(DE-627)079500722</marc:subfield>
         <marc:subfield code="0">(DE-576)165312424</marc:subfield>
         <marc:subfield code="4">chr</marc:subfield>
      </marc:datafield>
      <marc:datafield tag="700" ind1="1" ind2=" ">
         <marc:subfield code="a">Kolpakova, Irina Aleksandrovna</marc:subfield>
         <marc:subfield code="d">1933-</marc:subfield>
         <marc:subfield code="e">TänzerIn</marc:subfield>
         <marc:subfield code="0">(DE-588)1155318234</marc:subfield>
         <marc:subfield code="0">(DE-627)1016726902</marc:subfield>
         <marc:subfield code="0">(DE-576)50153864X</marc:subfield>
         <marc:subfield code="4">dnc</marc:subfield>
      </marc:datafield>
      <marc:datafield tag="700" ind1="1" ind2=" ">
         <marc:subfield code="a">Berezhnoi, Sergei</marc:subfield>
         <marc:subfield code="e">TänzerIn</marc:subfield>
         <marc:subfield code="0">(DE-588)136616607</marc:subfield>
         <marc:subfield code="0">(DE-627)694518115</marc:subfield>
         <marc:subfield code="0">(DE-576)301111278</marc:subfield>
         <marc:subfield code="4">dnc</marc:subfield>
      </marc:datafield>
      <marc:datafield tag="700" ind1="1" ind2=" ">
         <marc:subfield code="a">Glazunov, Aleksandr Konstantinovič</marc:subfield>
         <marc:subfield code="d">1865-1936</marc:subfield>
         <marc:subfield code="e">KomponistIn</marc:subfield>
         <marc:subfield code="0">(DE-588)118695312</marc:subfield>
         <marc:subfield code="0">(DE-627)134636872</marc:subfield>
         <marc:subfield code="0">(DE-576)167523368</marc:subfield>
         <marc:subfield code="4">cmp</marc:subfield>
      </marc:datafield>
      <marc:datafield tag="700" ind1="1" ind2=" ">
         <marc:subfield code="a">Gregory, Cynthia</marc:subfield>
         <marc:subfield code="e">TänzerIn</marc:subfield>
         <marc:subfield code="4">dnc</marc:subfield>
      </marc:datafield>
      <marc:datafield tag="700" ind1="1" ind2=" ">
         <marc:subfield code="a">Bujones, Fernando</marc:subfield>
         <marc:subfield code="d">1955-2005</marc:subfield>
         <marc:subfield code="e">TänzerIn</marc:subfield>
         <marc:subfield code="0">(DE-588)1066414483</marc:subfield>
         <marc:subfield code="0">(DE-627)817512578</marc:subfield>
         <marc:subfield code="0">(DE-576)425852962</marc:subfield>
         <marc:subfield code="4">dnc</marc:subfield>
      </marc:datafield>
      <marc:datafield tag="700" ind1="1" ind2=" ">
         <marc:subfield code="a">Delibes, Léo</marc:subfield>
         <marc:subfield code="d">1836-1891</marc:subfield>
         <marc:subfield code="e">KomponistIn</marc:subfield>
         <marc:subfield code="0">(DE-588)118924265</marc:subfield>
         <marc:subfield code="0">(DE-627)227971973</marc:subfield>
         <marc:subfield code="0">(DE-576)166490784</marc:subfield>
         <marc:subfield code="4">cmp</marc:subfield>
      </marc:datafield>
      <marc:datafield tag="700" ind1="1" ind2=" ">
         <marc:subfield code="a">Mahler, Roni</marc:subfield>
         <marc:subfield code="e">ChoreografIn</marc:subfield>
         <marc:subfield code="4">chr</marc:subfield>
      </marc:datafield>
      <marc:datafield tag="700" ind1="1" ind2=" ">
         <marc:subfield code="a">Maksimova, Ekaterina S.</marc:subfield>
         <marc:subfield code="d">1939-2009</marc:subfield>
         <marc:subfield code="e">TänzerIn</marc:subfield>
         <marc:subfield code="0">(DE-588)12013621X</marc:subfield>
         <marc:subfield code="0">(DE-627)080470602</marc:subfield>
         <marc:subfield code="0">(DE-576)212925164</marc:subfield>
         <marc:subfield code="4">dnc</marc:subfield>
      </marc:datafield>
      <marc:datafield tag="700" ind1="1" ind2=" ">
         <marc:subfield code="a">Daukaev, Marat Fuatovič</marc:subfield>
         <marc:subfield code="d">1952-</marc:subfield>
         <marc:subfield code="e">TänzerIn</marc:subfield>
         <marc:subfield code="0">(DE-588)174014015</marc:subfield>
         <marc:subfield code="0">(DE-627)698912136</marc:subfield>
         <marc:subfield code="0">(DE-576)134850327</marc:subfield>
         <marc:subfield code="4">dnc</marc:subfield>
      </marc:datafield>
      <marc:datafield tag="700" ind1="1" ind2=" ">
         <marc:subfield code="a">Gavrilin, Valerij A.</marc:subfield>
         <marc:subfield code="d">1939-1999</marc:subfield>
         <marc:subfield code="e">KomponistIn</marc:subfield>
         <marc:subfield code="0">(DE-588)12339788X</marc:subfield>
         <marc:subfield code="0">(DE-627)082532257</marc:subfield>
         <marc:subfield code="0">(DE-576)216440432</marc:subfield>
         <marc:subfield code="4">cmp</marc:subfield>
      </marc:datafield>
      <marc:datafield tag="700" ind1="1" ind2=" ">
         <marc:subfield code="a">Vasilʹev, Vladimir Viktorovič</marc:subfield>
         <marc:subfield code="d">1940-</marc:subfield>
         <marc:subfield code="e">ChoreografIn</marc:subfield>
         <marc:subfield code="0">(DE-588)120154846</marc:subfield>
         <marc:subfield code="0">(DE-627)080483879</marc:subfield>
         <marc:subfield code="0">(DE-576)212925172</marc:subfield>
         <marc:subfield code="4">chr</marc:subfield>
      </marc:datafield>
      <marc:datafield tag="700" ind1="1" ind2=" ">
         <marc:subfield code="a">Pavlova, Nadezda V.</marc:subfield>
         <marc:subfield code="d">1956-</marc:subfield>
         <marc:subfield code="e">TänzerIn</marc:subfield>
         <marc:subfield code="0">(DE-588)114254530X</marc:subfield>
         <marc:subfield code="0">(DE-627)1002244013</marc:subfield>
         <marc:subfield code="0">(DE-576)494841885</marc:subfield>
         <marc:subfield code="4">dnc</marc:subfield>
      </marc:datafield>
      <marc:datafield tag="700" ind1="1" ind2=" ">
         <marc:subfield code="a">Gordeev, Vyacheslav</marc:subfield>
         <marc:subfield code="e">TänzerIn</marc:subfield>
         <marc:subfield code="4">dnc</marc:subfield>
      </marc:datafield>
      <marc:datafield tag="700" ind1="1" ind2=" ">
         <marc:subfield code="a">Minkus, Ludwig</marc:subfield>
         <marc:subfield code="d">1826-1917</marc:subfield>
         <marc:subfield code="e">KomponistIn</marc:subfield>
         <marc:subfield code="0">(DE-588)120442779</marc:subfield>
         <marc:subfield code="0">(DE-627)254926606</marc:subfield>
         <marc:subfield code="0">(DE-576)213214040</marc:subfield>
         <marc:subfield code="4">cmp</marc:subfield>
      </marc:datafield>
      <marc:datafield tag="700" ind1="1" ind2=" ">
         <marc:subfield code="a">Gorskij, Aleksandr A.</marc:subfield>
         <marc:subfield code="d">1871-1924</marc:subfield>
         <marc:subfield code="e">ChoreografIn</marc:subfield>
         <marc:subfield code="0">(DE-588)118696572</marc:subfield>
         <marc:subfield code="0">(DE-627)694875872</marc:subfield>
         <marc:subfield code="0">(DE-576)209302194</marc:subfield>
         <marc:subfield code="4">chr</marc:subfield>
      </marc:datafield>
      <marc:datafield tag="700" ind1="1" ind2=" ">
         <marc:subfield code="a">Vasilieva, Ludmila</marc:subfield>
         <marc:subfield code="e">TänzerIn</marc:subfield>
         <marc:subfield code="4">dnc</marc:subfield>
      </marc:datafield>
      <marc:datafield tag="700" ind1="1" ind2=" ">
         <marc:subfield code="a">Malachov, Vladimir</marc:subfield>
         <marc:subfield code="d">1968-</marc:subfield>
         <marc:subfield code="e">TänzerIn</marc:subfield>
         <marc:subfield code="0">(DE-588)119264129</marc:subfield>
         <marc:subfield code="0">(DE-627)080068561</marc:subfield>
         <marc:subfield code="0">(DE-576)211836508</marc:subfield>
         <marc:subfield code="4">dnc</marc:subfield>
      </marc:datafield>
      <marc:datafield tag="700" ind1="1" ind2=" ">
         <marc:subfield code="a">Stravinsky, Igor</marc:subfield>
         <marc:subfield code="d">1882-1971</marc:subfield>
         <marc:subfield code="e">KomponistIn</marc:subfield>
         <marc:subfield code="0">(DE-588)118642545</marc:subfield>
         <marc:subfield code="0">(DE-627)134590201</marc:subfield>
         <marc:subfield code="0">(DE-576)163221278</marc:subfield>
         <marc:subfield code="4">cmp</marc:subfield>
      </marc:datafield>
      <marc:datafield tag="700" ind1="1" ind2=" ">
         <marc:subfield code="a">Kasatkina, Natalija Dmitrievna</marc:subfield>
         <marc:subfield code="d">1934-</marc:subfield>
         <marc:subfield code="e">ChoreografIn</marc:subfield>
         <marc:subfield code="0">(DE-588)130578185</marc:subfield>
         <marc:subfield code="0">(DE-627)50415981X</marc:subfield>
         <marc:subfield code="0">(DE-576)321559444</marc:subfield>
         <marc:subfield code="4">chr</marc:subfield>
      </marc:datafield>
      <marc:datafield tag="700" ind1="1" ind2=" ">
         <marc:subfield code="a">Vasilʹev, Vladimir Viktorovič</marc:subfield>
         <marc:subfield code="d">1940-</marc:subfield>
         <marc:subfield code="e">ChoreografIn</marc:subfield>
         <marc:subfield code="e">TänzerIn</marc:subfield>
         <marc:subfield code="0">(DE-588)120154846</marc:subfield>
         <marc:subfield code="0">(DE-627)080483879</marc:subfield>
         <marc:subfield code="0">(DE-576)212925172</marc:subfield>
         <marc:subfield code="4">chr</marc:subfield>
         <marc:subfield code="4">dnc</marc:subfield>
      </marc:datafield>
      <marc:datafield tag="700" ind1="1" ind2=" ">
         <marc:subfield code="a">Maksimova, Ekaterina S.</marc:subfield>
         <marc:subfield code="d">1939-2009</marc:subfield>
         <marc:subfield code="e">TänzerIn</marc:subfield>
         <marc:subfield code="0">(DE-588)12013621X</marc:subfield>
         <marc:subfield code="0">(DE-627)080470602</marc:subfield>
         <marc:subfield code="0">(DE-576)212925164</marc:subfield>
         <marc:subfield code="4">dnc</marc:subfield>
      </marc:datafield>
      <marc:datafield tag="700" ind1="1" ind2=" ">
         <marc:subfield code="a">Prokofʹev, Sergej Sergeevič</marc:subfield>
         <marc:subfield code="d">1891-1953</marc:subfield>
         <marc:subfield code="e">KomponistIn</marc:subfield>
         <marc:subfield code="0">(DE-588)118596721</marc:subfield>
         <marc:subfield code="0">(DE-627)079389228</marc:subfield>
         <marc:subfield code="0">(DE-576)162621620</marc:subfield>
         <marc:subfield code="4">cmp</marc:subfield>
      </marc:datafield>
      <marc:datafield tag="700" ind1="1" ind2=" ">
         <marc:subfield code="a">Lavrovskij, Leonid M.</marc:subfield>
         <marc:subfield code="d">1905-1967</marc:subfield>
         <marc:subfield code="e">ChoreografIn</marc:subfield>
         <marc:subfield code="0">(DE-588)129340847</marc:subfield>
         <marc:subfield code="0">(DE-627)394256263</marc:subfield>
         <marc:subfield code="0">(DE-576)216441269</marc:subfield>
         <marc:subfield code="4">chr</marc:subfield>
      </marc:datafield>
      <marc:datafield tag="700" ind1="1" ind2=" ">
         <marc:subfield code="a">Le Clercq, Tanaquil</marc:subfield>
         <marc:subfield code="d">1929-2000</marc:subfield>
         <marc:subfield code="e">TänzerIn</marc:subfield>
         <marc:subfield code="0">(DE-588)1060467216</marc:subfield>
         <marc:subfield code="0">(DE-627)799977322</marc:subfield>
         <marc:subfield code="0">(DE-576)416540910</marc:subfield>
         <marc:subfield code="4">dnc</marc:subfield>
      </marc:datafield>
      <marc:datafield tag="700" ind1="1" ind2=" ">
         <marc:subfield code="a">D'Amboise, Jacques</marc:subfield>
         <marc:subfield code="d">1934-2021</marc:subfield>
         <marc:subfield code="e">TänzerIn</marc:subfield>
         <marc:subfield code="0">(DE-588)1013281950</marc:subfield>
         <marc:subfield code="0">(DE-627)704996448</marc:subfield>
         <marc:subfield code="0">(DE-576)34683712X</marc:subfield>
         <marc:subfield code="4">dnc</marc:subfield>
      </marc:datafield>
      <marc:datafield tag="700" ind1="1" ind2=" ">
         <marc:subfield code="a">Debussy, Claude</marc:subfield>
         <marc:subfield code="d">1862-1918</marc:subfield>
         <marc:subfield code="e">KomponistIn</marc:subfield>
         <marc:subfield code="0">(DE-588)118524186</marc:subfield>
         <marc:subfield code="0">(DE-627)14264207X</marc:subfield>
         <marc:subfield code="0">(DE-576)160691699</marc:subfield>
         <marc:subfield code="4">cmp</marc:subfield>
      </marc:datafield>
      <marc:datafield tag="700" ind1="1" ind2=" ">
         <marc:subfield code="a">Robbins, Jerome</marc:subfield>
         <marc:subfield code="d">1918-1998</marc:subfield>
         <marc:subfield code="e">ChoreografIn</marc:subfield>
         <marc:subfield code="0">(DE-588)118911902</marc:subfield>
         <marc:subfield code="0">(DE-627)079688535</marc:subfield>
         <marc:subfield code="0">(DE-576)163691851</marc:subfield>
         <marc:subfield code="4">chr</marc:subfield>
      </marc:datafield>
      <marc:datafield tag="773" ind1="1" ind2="8">
         <marc:subfield code="w">(DE-627)1584811633</marc:subfield>
         <marc:subfield code="w">(DE-576)514811633</marc:subfield>
         <marc:subfield code="g">Vol. 3</marc:subfield>
         <marc:subfield code="q">3</marc:subfield>
         <marc:subfield code="7">|||m</marc:subfield>
      </marc:datafield>
      <marc:datafield tag="935" ind1=" " ind2=" ">
         <marc:subfield code="c">vide</marc:subfield>
      </marc:datafield>
      <marc:datafield tag="951" ind1=" " ind2=" ">
         <marc:subfield code="a">MV</marc:subfield>
      </marc:datafield>
   </marc:record>