
   <marc:record>
      <marc:leader>     cgm a22        4500</marc:leader>
      <marc:controlfield tag="001">514761040</marc:controlfield>
      <marc:controlfield tag="003">DE-576</marc:controlfield>
      <marc:controlfield tag="005">20190222123440.0</marc:controlfield>
      <marc:controlfield tag="007">vd uvuuuu</marc:controlfield>
      <marc:controlfield tag="008">181204s2008    xx ||| |      |   v|zxx c</marc:controlfield>
      <marc:datafield tag="035" ind1=" " ind2=" ">
         <marc:subfield code="a">(DE-627)1584761040</marc:subfield>
      </marc:datafield>
      <marc:datafield tag="035" ind1=" " ind2=" ">
         <marc:subfield code="a">(DE-576)514761040</marc:subfield>
      </marc:datafield>
      <marc:datafield tag="035" ind1=" " ind2=" ">
         <marc:subfield code="a">(DE-599)BSZ514761040</marc:subfield>
      </marc:datafield>
      <marc:datafield tag="035" ind1=" " ind2=" ">
         <marc:subfield code="a">(OCoLC)1080893318</marc:subfield>
      </marc:datafield>
      <marc:datafield tag="040" ind1=" " ind2=" ">
         <marc:subfield code="a">DE-576</marc:subfield>
         <marc:subfield code="b">ger</marc:subfield>
         <marc:subfield code="c">DE-576</marc:subfield>
         <marc:subfield code="e">rda</marc:subfield>
      </marc:datafield>
      <marc:datafield tag="041" ind1=" " ind2=" ">
         <marc:subfield code="a">zxx</marc:subfield>
      </marc:datafield>
      <marc:datafield tag="084" ind1=" " ind2=" ">
         <marc:subfield code="a">AP 88100</marc:subfield>
         <marc:subfield code="2">rvk</marc:subfield>
         <marc:subfield code="0">(DE-625)rvk/8104:</marc:subfield>
      </marc:datafield>
      <marc:datafield tag="084" ind1=" " ind2=" ">
         <marc:subfield code="a">AP 88150</marc:subfield>
         <marc:subfield code="2">rvk</marc:subfield>
         <marc:subfield code="0">(DE-625)rvk/8105:</marc:subfield>
      </marc:datafield>
      <marc:datafield tag="245" ind1="1" ind2="0">
         <marc:subfield code="a">Next of kin</marc:subfield>
         <marc:subfield code="c">Tero Saarinen Company ; choreography Tero Saarinen ; music composed by Jarmo Saari ; dance Satu Hakttunen, Henrikki Heikkilä, Carl Knif, Saku Koistinen, Ninu Lindfors, Sini Länsivuori, Maria Nurmela</marc:subfield>
      </marc:datafield>
      <marc:datafield tag="264" ind1=" " ind2="1">
         <marc:subfield code="a">Helsinki</marc:subfield>
         <marc:subfield code="b">Tero Saarinen Company</marc:subfield>
         <marc:subfield code="c">[2008?]</marc:subfield>
      </marc:datafield>
      <marc:datafield tag="300" ind1=" " ind2=" ">
         <marc:subfield code="a">1 DVD-Video (65 Minuten)</marc:subfield>
         <marc:subfield code="b">PAL</marc:subfield>
      </marc:datafield>
      <marc:datafield tag="336" ind1=" " ind2=" ">
         <marc:subfield code="a">aufgeführte Musik</marc:subfield>
         <marc:subfield code="b">prm</marc:subfield>
         <marc:subfield code="2">rdacontent</marc:subfield>
      </marc:datafield>
      <marc:datafield tag="336" ind1=" " ind2=" ">
         <marc:subfield code="a">zweidimensionales bewegtes Bild</marc:subfield>
         <marc:subfield code="b">tdi</marc:subfield>
         <marc:subfield code="2">rdacontent</marc:subfield>
      </marc:datafield>
      <marc:datafield tag="337" ind1=" " ind2=" ">
         <marc:subfield code="a">video</marc:subfield>
         <marc:subfield code="b">v</marc:subfield>
         <marc:subfield code="2">rdamedia</marc:subfield>
      </marc:datafield>
      <marc:datafield tag="338" ind1=" " ind2=" ">
         <marc:subfield code="a">Videodisk</marc:subfield>
         <marc:subfield code="b">vd</marc:subfield>
         <marc:subfield code="2">rdacarrier</marc:subfield>
      </marc:datafield>
      <marc:datafield tag="500" ind1=" " ind2=" ">
         <marc:subfield code="a">Recorded on september 12, 2008 at the Alexander Theatre, Helsinki, Finland</marc:subfield>
      </marc:datafield>
      <marc:datafield tag="655" ind1=" " ind2="7">
         <marc:subfield code="a">Film</marc:subfield>
         <marc:subfield code="0">(DE-588)4017102-4</marc:subfield>
         <marc:subfield code="0">(DE-627)104559683</marc:subfield>
         <marc:subfield code="0">(DE-576)208918531</marc:subfield>
         <marc:subfield code="2">gnd-content</marc:subfield>
      </marc:datafield>
      <marc:datafield tag="655" ind1=" " ind2="7">
         <marc:subfield code="a">DVD-Video</marc:subfield>
         <marc:subfield code="0">(DE-588)4585125-6</marc:subfield>
         <marc:subfield code="0">(DE-627)325263515</marc:subfield>
         <marc:subfield code="0">(DE-576)213973456</marc:subfield>
         <marc:subfield code="2">gnd-carrier</marc:subfield>
      </marc:datafield>
      <marc:datafield tag="700" ind1="1" ind2=" ">
         <marc:subfield code="a">Saarinen, Tero</marc:subfield>
         <marc:subfield code="d">1964-</marc:subfield>
         <marc:subfield code="e">ChoreografIn</marc:subfield>
         <marc:subfield code="0">(DE-588)1079644164</marc:subfield>
         <marc:subfield code="0">(DE-627)841299838</marc:subfield>
         <marc:subfield code="0">(DE-576)452865190</marc:subfield>
         <marc:subfield code="4">chr</marc:subfield>
      </marc:datafield>
      <marc:datafield tag="700" ind1="1" ind2=" ">
         <marc:subfield code="a">Saari, Jarmo</marc:subfield>
         <marc:subfield code="e">KomponistIn</marc:subfield>
         <marc:subfield code="4">cmp</marc:subfield>
      </marc:datafield>
      <marc:datafield tag="700" ind1="1" ind2=" ">
         <marc:subfield code="a">Halttunen, Satu</marc:subfield>
         <marc:subfield code="e">TänzerIn</marc:subfield>
         <marc:subfield code="4">dnc</marc:subfield>
      </marc:datafield>
      <marc:datafield tag="700" ind1="1" ind2=" ">
         <marc:subfield code="a">Heikkilä, Henrikki</marc:subfield>
         <marc:subfield code="e">TänzerIn</marc:subfield>
         <marc:subfield code="4">dnc</marc:subfield>
      </marc:datafield>
      <marc:datafield tag="700" ind1="1" ind2=" ">
         <marc:subfield code="a">Knif, Carl</marc:subfield>
         <marc:subfield code="e">TänzerIn</marc:subfield>
         <marc:subfield code="4">dnc</marc:subfield>
      </marc:datafield>
      <marc:datafield tag="700" ind1="1" ind2=" ">
         <marc:subfield code="a">Koistinen,Saku</marc:subfield>
         <marc:subfield code="e">TänzerIn</marc:subfield>
         <marc:subfield code="4">dnc</marc:subfield>
      </marc:datafield>
      <marc:datafield tag="700" ind1="1" ind2=" ">
         <marc:subfield code="a">Lindfors, Ninu</marc:subfield>
         <marc:subfield code="e">TänzerIn</marc:subfield>
         <marc:subfield code="4">dnc</marc:subfield>
      </marc:datafield>
      <marc:datafield tag="700" ind1="1" ind2=" ">
         <marc:subfield code="a">Länsivuori, Sini</marc:subfield>
         <marc:subfield code="e">TänzerIn</marc:subfield>
         <marc:subfield code="4">dnc</marc:subfield>
      </marc:datafield>
      <marc:datafield tag="700" ind1="1" ind2=" ">
         <marc:subfield code="a">Nurmela, Maria</marc:subfield>
         <marc:subfield code="e">TänzerIn</marc:subfield>
         <marc:subfield code="4">dnc</marc:subfield>
      </marc:datafield>
      <marc:datafield tag="710" ind1="2" ind2=" ">
         <marc:subfield code="a">Tero Saarinen Company</marc:subfield>
         <marc:subfield code="e">TänzerIn</marc:subfield>
         <marc:subfield code="0">(DE-588)1162912723</marc:subfield>
         <marc:subfield code="0">(DE-627)1027008194</marc:subfield>
         <marc:subfield code="0">(DE-576)50725256X</marc:subfield>
         <marc:subfield code="4">dnc</marc:subfield>
      </marc:datafield>
      <marc:datafield tag="935" ind1=" " ind2=" ">
         <marc:subfield code="c">vide</marc:subfield>
         <marc:subfield code="c">muto</marc:subfield>
      </marc:datafield>
      <marc:datafield tag="936" ind1="r" ind2="v">
         <marc:subfield code="a">AP 88100</marc:subfield>
         <marc:subfield code="b">Choreografie, Dramaturgie, Libretto, Regie</marc:subfield>
         <marc:subfield code="k">Allgemeines</marc:subfield>
         <marc:subfield code="k">Medien- und Kommunikationswissenschaften, Kommunikationsdesign</marc:subfield>
         <marc:subfield code="k">Tanz</marc:subfield>
         <marc:subfield code="k">Ballett</marc:subfield>
         <marc:subfield code="k">Choreografie, Dramaturgie, Libretto, Regie</marc:subfield>
         <marc:subfield code="0">(DE-627)1270694030</marc:subfield>
         <marc:subfield code="0">(DE-625)rvk/8104:</marc:subfield>
         <marc:subfield code="0">(DE-576)200694030</marc:subfield>
      </marc:datafield>
      <marc:datafield tag="936" ind1="r" ind2="v">
         <marc:subfield code="a">AP 88150</marc:subfield>
         <marc:subfield code="b">Inszenierung, Kritik</marc:subfield>
         <marc:subfield code="k">Allgemeines</marc:subfield>
         <marc:subfield code="k">Medien- und Kommunikationswissenschaften, Kommunikationsdesign</marc:subfield>
         <marc:subfield code="k">Tanz</marc:subfield>
         <marc:subfield code="k">Ballett</marc:subfield>
         <marc:subfield code="k">Inszenierung, Kritik</marc:subfield>
         <marc:subfield code="0">(DE-627)1270694049</marc:subfield>
         <marc:subfield code="0">(DE-625)rvk/8105:</marc:subfield>
         <marc:subfield code="0">(DE-576)200694049</marc:subfield>
      </marc:datafield>
      <marc:datafield tag="937" ind1=" " ind2=" ">
         <marc:subfield code="a">Recorded on september 12, 2008 at the Alexander Theatre, Helsinki, Finland</marc:subfield>
      </marc:datafield>
      <marc:datafield tag="951" ind1=" " ind2=" ">
         <marc:subfield code="a">BO</marc:subfield>
      </marc:datafield>
   </marc:record>