
   <marc:record>
      <marc:leader>     cgm a22        4500</marc:leader>
      <marc:controlfield tag="001">513640932</marc:controlfield>
      <marc:controlfield tag="003">DE-576</marc:controlfield>
      <marc:controlfield tag="005">20190222123432.0</marc:controlfield>
      <marc:controlfield tag="007">vd uvuuuu</marc:controlfield>
      <marc:controlfield tag="008">181113s2006    xx ||| |      |   v|zxx c</marc:controlfield>
      <marc:datafield tag="035" ind1=" " ind2=" ">
         <marc:subfield code="a">(DE-627)1583640932</marc:subfield>
      </marc:datafield>
      <marc:datafield tag="035" ind1=" " ind2=" ">
         <marc:subfield code="a">(DE-576)513640932</marc:subfield>
      </marc:datafield>
      <marc:datafield tag="035" ind1=" " ind2=" ">
         <marc:subfield code="a">(DE-599)BSZ513640932</marc:subfield>
      </marc:datafield>
      <marc:datafield tag="035" ind1=" " ind2=" ">
         <marc:subfield code="a">(OCoLC)1077715343</marc:subfield>
      </marc:datafield>
      <marc:datafield tag="040" ind1=" " ind2=" ">
         <marc:subfield code="a">DE-576</marc:subfield>
         <marc:subfield code="b">ger</marc:subfield>
         <marc:subfield code="c">DE-576</marc:subfield>
         <marc:subfield code="e">rda</marc:subfield>
      </marc:datafield>
      <marc:datafield tag="041" ind1=" " ind2=" ">
         <marc:subfield code="a">zxx</marc:subfield>
      </marc:datafield>
      <marc:datafield tag="084" ind1=" " ind2=" ">
         <marc:subfield code="a">AP 87860</marc:subfield>
         <marc:subfield code="2">rvk</marc:subfield>
         <marc:subfield code="0">(DE-625)rvk/8098:</marc:subfield>
      </marc:datafield>
      <marc:datafield tag="111" ind1="2" ind2=" ">
         <marc:subfield code="a">Tanztage</marc:subfield>
         <marc:subfield code="n">15.</marc:subfield>
         <marc:subfield code="d">2006</marc:subfield>
         <marc:subfield code="c">Berlin</marc:subfield>
         <marc:subfield code="j">VerfasserIn</marc:subfield>
         <marc:subfield code="0">(DE-588)1171237057</marc:subfield>
         <marc:subfield code="0">(DE-627)1040435300</marc:subfield>
         <marc:subfield code="0">(DE-576)513640495</marc:subfield>
         <marc:subfield code="4">aut</marc:subfield>
      </marc:datafield>
      <marc:datafield tag="245" ind1="1" ind2="0">
         <marc:subfield code="a">Jellyfish and exuberant love</marc:subfield>
         <marc:subfield code="b">Aufzeichnung der Premiere vom 9.1.2006, Sophiensaele Berlin, Tanztage 2006</marc:subfield>
         <marc:subfield code="c">Tanz/Choreographie: Yvonne Hardt, Lea Martini</marc:subfield>
      </marc:datafield>
      <marc:datafield tag="264" ind1=" " ind2="1">
         <marc:subfield code="a">Berlin</marc:subfield>
         <marc:subfield code="b">BodyAttacksWord</marc:subfield>
         <marc:subfield code="c">2006</marc:subfield>
      </marc:datafield>
      <marc:datafield tag="300" ind1=" " ind2=" ">
         <marc:subfield code="a">1 DVD-Video (ca. 40 Minuten)</marc:subfield>
         <marc:subfield code="b">farb., PAL</marc:subfield>
      </marc:datafield>
      <marc:datafield tag="336" ind1=" " ind2=" ">
         <marc:subfield code="a">aufgeführte Musik</marc:subfield>
         <marc:subfield code="b">prm</marc:subfield>
         <marc:subfield code="2">rdacontent</marc:subfield>
      </marc:datafield>
      <marc:datafield tag="336" ind1=" " ind2=" ">
         <marc:subfield code="a">zweidimensionales bewegtes Bild</marc:subfield>
         <marc:subfield code="b">tdi</marc:subfield>
         <marc:subfield code="2">rdacontent</marc:subfield>
      </marc:datafield>
      <marc:datafield tag="337" ind1=" " ind2=" ">
         <marc:subfield code="a">video</marc:subfield>
         <marc:subfield code="b">v</marc:subfield>
         <marc:subfield code="2">rdamedia</marc:subfield>
      </marc:datafield>
      <marc:datafield tag="338" ind1=" " ind2=" ">
         <marc:subfield code="a">Band</marc:subfield>
         <marc:subfield code="b">nc</marc:subfield>
         <marc:subfield code="2">rdacarrier</marc:subfield>
      </marc:datafield>
      <marc:datafield tag="655" ind1=" " ind2="7">
         <marc:subfield code="a">Film</marc:subfield>
         <marc:subfield code="0">(DE-588)4017102-4</marc:subfield>
         <marc:subfield code="0">(DE-627)104559683</marc:subfield>
         <marc:subfield code="0">(DE-576)208918531</marc:subfield>
         <marc:subfield code="2">gnd-content</marc:subfield>
      </marc:datafield>
      <marc:datafield tag="655" ind1=" " ind2="7">
         <marc:subfield code="a">DVD-Video</marc:subfield>
         <marc:subfield code="0">(DE-588)4585125-6</marc:subfield>
         <marc:subfield code="0">(DE-627)325263515</marc:subfield>
         <marc:subfield code="0">(DE-576)213973456</marc:subfield>
         <marc:subfield code="2">gnd-carrier</marc:subfield>
      </marc:datafield>
      <marc:datafield tag="700" ind1="1" ind2=" ">
         <marc:subfield code="a">Hardt, Yvonne</marc:subfield>
         <marc:subfield code="d">1974-</marc:subfield>
         <marc:subfield code="e">ChoreografIn</marc:subfield>
         <marc:subfield code="e">TänzerIn</marc:subfield>
         <marc:subfield code="0">(DE-588)129509892</marc:subfield>
         <marc:subfield code="0">(DE-627)548169748</marc:subfield>
         <marc:subfield code="0">(DE-576)297697323</marc:subfield>
         <marc:subfield code="4">chr</marc:subfield>
         <marc:subfield code="4">dnc</marc:subfield>
      </marc:datafield>
      <marc:datafield tag="700" ind1="1" ind2=" ">
         <marc:subfield code="a">Martini, Lea</marc:subfield>
         <marc:subfield code="d">1979-</marc:subfield>
         <marc:subfield code="e">ChoreografIn</marc:subfield>
         <marc:subfield code="e">TänzerIn</marc:subfield>
         <marc:subfield code="0">(DE-588)1098446992</marc:subfield>
         <marc:subfield code="0">(DE-627)85763304X</marc:subfield>
         <marc:subfield code="0">(DE-576)469125705</marc:subfield>
         <marc:subfield code="4">chr</marc:subfield>
         <marc:subfield code="4">dnc</marc:subfield>
      </marc:datafield>
      <marc:datafield tag="935" ind1=" " ind2=" ">
         <marc:subfield code="c">vide</marc:subfield>
         <marc:subfield code="c">muto</marc:subfield>
      </marc:datafield>
      <marc:datafield tag="936" ind1="r" ind2="v">
         <marc:subfield code="a">AP 87860</marc:subfield>
         <marc:subfield code="b">Moderner Bühnentanz</marc:subfield>
         <marc:subfield code="k">Allgemeines</marc:subfield>
         <marc:subfield code="k">Medien- und Kommunikationswissenschaften, Kommunikationsdesign</marc:subfield>
         <marc:subfield code="k">Tanz</marc:subfield>
         <marc:subfield code="k">Bühnentanz</marc:subfield>
         <marc:subfield code="k">Moderner Bühnentanz</marc:subfield>
         <marc:subfield code="0">(DE-627)1270693980</marc:subfield>
         <marc:subfield code="0">(DE-625)rvk/8098:</marc:subfield>
         <marc:subfield code="0">(DE-576)200693980</marc:subfield>
      </marc:datafield>
      <marc:datafield tag="951" ind1=" " ind2=" ">
         <marc:subfield code="a">BO</marc:subfield>
      </marc:datafield>
   </marc:record>