
   <marc:record>
      <marc:leader>     cgm a22        4500</marc:leader>
      <marc:controlfield tag="001">511177933</marc:controlfield>
      <marc:controlfield tag="003">DE-576</marc:controlfield>
      <marc:controlfield tag="005">20190222123350.0</marc:controlfield>
      <marc:controlfield tag="007">vd uuuuuu</marc:controlfield>
      <marc:controlfield tag="007">sd uuuuuuuuuuu</marc:controlfield>
      <marc:controlfield tag="008">180921s2005    xx ||| |      |   v|nor c</marc:controlfield>
      <marc:datafield tag="035" ind1=" " ind2=" ">
         <marc:subfield code="a">(DE-627)1581177933</marc:subfield>
      </marc:datafield>
      <marc:datafield tag="035" ind1=" " ind2=" ">
         <marc:subfield code="a">(DE-576)511177933</marc:subfield>
      </marc:datafield>
      <marc:datafield tag="035" ind1=" " ind2=" ">
         <marc:subfield code="a">(DE-599)BSZ511177933</marc:subfield>
      </marc:datafield>
      <marc:datafield tag="035" ind1=" " ind2=" ">
         <marc:subfield code="a">(OCoLC)1056143468</marc:subfield>
      </marc:datafield>
      <marc:datafield tag="040" ind1=" " ind2=" ">
         <marc:subfield code="a">DE-576</marc:subfield>
         <marc:subfield code="b">ger</marc:subfield>
         <marc:subfield code="c">DE-576</marc:subfield>
         <marc:subfield code="e">rda</marc:subfield>
      </marc:datafield>
      <marc:datafield tag="041" ind1=" " ind2=" ">
         <marc:subfield code="a">nor</marc:subfield>
      </marc:datafield>
      <marc:datafield tag="084" ind1=" " ind2=" ">
         <marc:subfield code="a">AP 85200</marc:subfield>
         <marc:subfield code="2">rvk</marc:subfield>
         <marc:subfield code="0">(DE-625)rvk/8051:</marc:subfield>
      </marc:datafield>
      <marc:datafield tag="245" ind1="1" ind2="0">
         <marc:subfield code="a">Folkedansdråpar</marc:subfield>
      </marc:datafield>
      <marc:datafield tag="249" ind1=" " ind2=" ">
         <marc:subfield code="a">Svettedråpen</marc:subfield>
         <marc:subfield code="b">lærematriell for folkedans i vidaregåande skole</marc:subfield>
         <marc:subfield code="c">laga av Egil Bakka, Brit Versland, Dag Vårdal</marc:subfield>
      </marc:datafield>
      <marc:datafield tag="264" ind1=" " ind2="1">
         <marc:subfield code="a">Trondheim</marc:subfield>
         <marc:subfield code="b">Norsk Dansevyrke</marc:subfield>
         <marc:subfield code="c">2005</marc:subfield>
      </marc:datafield>
      <marc:datafield tag="300" ind1=" " ind2=" ">
         <marc:subfield code="a">1 DVD-Video, 2 CD's</marc:subfield>
         <marc:subfield code="e">1 Blatt</marc:subfield>
      </marc:datafield>
      <marc:datafield tag="336" ind1=" " ind2=" ">
         <marc:subfield code="a">aufgeführte Musik</marc:subfield>
         <marc:subfield code="b">prm</marc:subfield>
         <marc:subfield code="2">rdacontent</marc:subfield>
      </marc:datafield>
      <marc:datafield tag="336" ind1=" " ind2=" ">
         <marc:subfield code="a">zweidimensionales bewegtes Bild</marc:subfield>
         <marc:subfield code="b">tdi</marc:subfield>
         <marc:subfield code="2">rdacontent</marc:subfield>
      </marc:datafield>
      <marc:datafield tag="337" ind1=" " ind2=" ">
         <marc:subfield code="a">video</marc:subfield>
         <marc:subfield code="b">v</marc:subfield>
         <marc:subfield code="2">rdamedia</marc:subfield>
      </marc:datafield>
      <marc:datafield tag="337" ind1=" " ind2=" ">
         <marc:subfield code="a">audio</marc:subfield>
         <marc:subfield code="b">s</marc:subfield>
         <marc:subfield code="2">rdamedia</marc:subfield>
      </marc:datafield>
      <marc:datafield tag="338" ind1=" " ind2=" ">
         <marc:subfield code="a">Videodisk</marc:subfield>
         <marc:subfield code="b">vd</marc:subfield>
         <marc:subfield code="2">rdacarrier</marc:subfield>
      </marc:datafield>
      <marc:datafield tag="338" ind1=" " ind2=" ">
         <marc:subfield code="a">Audiodisk</marc:subfield>
         <marc:subfield code="b">sd</marc:subfield>
         <marc:subfield code="2">rdacarrier</marc:subfield>
      </marc:datafield>
      <marc:datafield tag="655" ind1=" " ind2="7">
         <marc:subfield code="a">Film</marc:subfield>
         <marc:subfield code="0">(DE-588)4017102-4</marc:subfield>
         <marc:subfield code="0">(DE-627)104559683</marc:subfield>
         <marc:subfield code="0">(DE-576)208918531</marc:subfield>
         <marc:subfield code="2">gnd-content</marc:subfield>
      </marc:datafield>
      <marc:datafield tag="655" ind1=" " ind2="7">
         <marc:subfield code="a">CD</marc:subfield>
         <marc:subfield code="0">(DE-588)4522869-3</marc:subfield>
         <marc:subfield code="0">(DE-627)251637565</marc:subfield>
         <marc:subfield code="0">(DE-576)213310740</marc:subfield>
         <marc:subfield code="2">gnd-carrier</marc:subfield>
      </marc:datafield>
      <marc:datafield tag="700" ind1="1" ind2=" ">
         <marc:subfield code="a">Bakka, Egil</marc:subfield>
         <marc:subfield code="d">1943-</marc:subfield>
         <marc:subfield code="e">MitwirkendeR</marc:subfield>
         <marc:subfield code="0">(DE-588)113637387X</marc:subfield>
         <marc:subfield code="0">(DE-627)892769572</marc:subfield>
         <marc:subfield code="0">(DE-576)179598198</marc:subfield>
         <marc:subfield code="4">ctb</marc:subfield>
      </marc:datafield>
      <marc:datafield tag="700" ind1="1" ind2=" ">
         <marc:subfield code="a">Versland, Brit</marc:subfield>
         <marc:subfield code="e">MitwirkendeR</marc:subfield>
         <marc:subfield code="4">ctb</marc:subfield>
      </marc:datafield>
      <marc:datafield tag="700" ind1="1" ind2=" ">
         <marc:subfield code="a">Vårdal, Dag</marc:subfield>
         <marc:subfield code="e">MitwirkendeR</marc:subfield>
         <marc:subfield code="4">ctb</marc:subfield>
      </marc:datafield>
      <marc:datafield tag="935" ind1=" " ind2=" ">
         <marc:subfield code="c">vide</marc:subfield>
         <marc:subfield code="c">muto</marc:subfield>
      </marc:datafield>
      <marc:datafield tag="935" ind1=" " ind2=" ">
         <marc:subfield code="i">SLoT</marc:subfield>
      </marc:datafield>
      <marc:datafield tag="936" ind1="r" ind2="v">
         <marc:subfield code="a">AP 85200</marc:subfield>
         <marc:subfield code="b">Volkstanzsammlungen, Tanzspiele</marc:subfield>
         <marc:subfield code="k">Allgemeines</marc:subfield>
         <marc:subfield code="k">Medien- und Kommunikationswissenschaften, Kommunikationsdesign</marc:subfield>
         <marc:subfield code="k">Tanz</marc:subfield>
         <marc:subfield code="k">Volkstanz</marc:subfield>
         <marc:subfield code="k">Volkstanzsammlungen, Tanzspiele</marc:subfield>
         <marc:subfield code="0">(DE-627)1270693565</marc:subfield>
         <marc:subfield code="0">(DE-625)rvk/8051:</marc:subfield>
         <marc:subfield code="0">(DE-576)200693565</marc:subfield>
      </marc:datafield>
      <marc:datafield tag="951" ind1=" " ind2=" ">
         <marc:subfield code="a">BO</marc:subfield>
      </marc:datafield>
   </marc:record>