
   <marc:record>
      <marc:leader>     cgm a22        4500</marc:leader>
      <marc:controlfield tag="001">507693329</marc:controlfield>
      <marc:controlfield tag="003">DE-576</marc:controlfield>
      <marc:controlfield tag="005">20180822111629.0</marc:controlfield>
      <marc:controlfield tag="007">vd uvuuuu</marc:controlfield>
      <marc:controlfield tag="008">180718s2006    xx ||| |      |   v|eng c</marc:controlfield>
      <marc:datafield tag="035" ind1=" " ind2=" ">
         <marc:subfield code="a">(DE-627)1577693329</marc:subfield>
      </marc:datafield>
      <marc:datafield tag="035" ind1=" " ind2=" ">
         <marc:subfield code="a">(DE-576)507693329</marc:subfield>
      </marc:datafield>
      <marc:datafield tag="035" ind1=" " ind2=" ">
         <marc:subfield code="a">(DE-599)BSZ507693329</marc:subfield>
      </marc:datafield>
      <marc:datafield tag="035" ind1=" " ind2=" ">
         <marc:subfield code="a">(OCoLC)1047845852</marc:subfield>
      </marc:datafield>
      <marc:datafield tag="040" ind1=" " ind2=" ">
         <marc:subfield code="a">DE-576</marc:subfield>
         <marc:subfield code="b">ger</marc:subfield>
         <marc:subfield code="c">DE-576</marc:subfield>
         <marc:subfield code="e">rda</marc:subfield>
      </marc:datafield>
      <marc:datafield tag="041" ind1=" " ind2=" ">
         <marc:subfield code="a">eng</marc:subfield>
      </marc:datafield>
      <marc:datafield tag="084" ind1=" " ind2=" ">
         <marc:subfield code="a">AP 59400</marc:subfield>
         <marc:subfield code="2">rvk</marc:subfield>
         <marc:subfield code="0">(DE-625)rvk/7791:658</marc:subfield>
      </marc:datafield>
      <marc:datafield tag="245" ind1="1" ind2="0">
         <marc:subfield code="a">Dance &amp; Short fiction films</marc:subfield>
         <marc:subfield code="c">Wim Vandekeybus</marc:subfield>
      </marc:datafield>
      <marc:datafield tag="246" ind1="3" ind2="3">
         <marc:subfield code="a">Dance and short fiction films</marc:subfield>
      </marc:datafield>
      <marc:datafield tag="264" ind1=" " ind2="1">
         <marc:subfield code="a">Brussels</marc:subfield>
         <marc:subfield code="b">Ultima VEZ</marc:subfield>
         <marc:subfield code="c">[2006]</marc:subfield>
      </marc:datafield>
      <marc:datafield tag="264" ind1=" " ind2="4">
         <marc:subfield code="c">© 2006</marc:subfield>
      </marc:datafield>
      <marc:datafield tag="300" ind1=" " ind2=" ">
         <marc:subfield code="a">3 DVD-Videos (445 Minuten)</marc:subfield>
         <marc:subfield code="b">farb., DVD 9 single-sided, PAL, Region 0</marc:subfield>
         <marc:subfield code="e">1 Beiheft</marc:subfield>
      </marc:datafield>
      <marc:datafield tag="336" ind1=" " ind2=" ">
         <marc:subfield code="a">zweidimensionales bewegtes Bild</marc:subfield>
         <marc:subfield code="b">tdi</marc:subfield>
         <marc:subfield code="2">rdacontent</marc:subfield>
      </marc:datafield>
      <marc:datafield tag="337" ind1=" " ind2=" ">
         <marc:subfield code="a">video</marc:subfield>
         <marc:subfield code="b">v</marc:subfield>
         <marc:subfield code="2">rdamedia</marc:subfield>
      </marc:datafield>
      <marc:datafield tag="338" ind1=" " ind2=" ">
         <marc:subfield code="a">Videodisk</marc:subfield>
         <marc:subfield code="b">vd</marc:subfield>
         <marc:subfield code="2">rdacarrier</marc:subfield>
      </marc:datafield>
      <marc:datafield tag="500" ind1=" " ind2=" ">
         <marc:subfield code="a">Enth. außerdem Interviews und Making ofs</marc:subfield>
      </marc:datafield>
      <marc:datafield tag="505" ind1="8" ind2="0">
         <marc:subfield code="t">Enth.:Blush</marc:subfield>
      </marc:datafield>
      <marc:datafield tag="505" ind1="8" ind2="0">
         <marc:subfield code="t">Silver</marc:subfield>
      </marc:datafield>
      <marc:datafield tag="505" ind1="8" ind2="0">
         <marc:subfield code="t">In spite of wishing and wanting</marc:subfield>
      </marc:datafield>
      <marc:datafield tag="505" ind1="8" ind2="0">
         <marc:subfield code="t">The last words</marc:subfield>
      </marc:datafield>
      <marc:datafield tag="505" ind1="8" ind2="0">
         <marc:subfield code="t">Inasmuch ...</marc:subfield>
      </marc:datafield>
      <marc:datafield tag="505" ind1="8" ind2="0">
         <marc:subfield code="t">Body, Body on the wall ...</marc:subfield>
      </marc:datafield>
      <marc:datafield tag="505" ind1="8" ind2="0">
         <marc:subfield code="t">Bereft of a blissful union</marc:subfield>
      </marc:datafield>
      <marc:datafield tag="505" ind1="8" ind2="0">
         <marc:subfield code="t">Roseland</marc:subfield>
      </marc:datafield>
      <marc:datafield tag="505" ind1="8" ind2="0">
         <marc:subfield code="t">La mentra</marc:subfield>
      </marc:datafield>
      <marc:datafield tag="505" ind1="8" ind2="0">
         <marc:subfield code="t">Mountains made of barking</marc:subfield>
      </marc:datafield>
      <marc:datafield tag="505" ind1="8" ind2="0">
         <marc:subfield code="t">Dust</marc:subfield>
      </marc:datafield>
      <marc:datafield tag="505" ind1="8" ind2="0">
         <marc:subfield code="t">Elba &amp; Federico</marc:subfield>
      </marc:datafield>
      <marc:datafield tag="655" ind1=" " ind2="7">
         <marc:subfield code="a">Film</marc:subfield>
         <marc:subfield code="0">(DE-588)4017102-4</marc:subfield>
         <marc:subfield code="0">(DE-627)104559683</marc:subfield>
         <marc:subfield code="0">(DE-576)208918531</marc:subfield>
         <marc:subfield code="2">gnd-content</marc:subfield>
      </marc:datafield>
      <marc:datafield tag="655" ind1=" " ind2="7">
         <marc:subfield code="a">DVD-Video</marc:subfield>
         <marc:subfield code="0">(DE-588)4585125-6</marc:subfield>
         <marc:subfield code="0">(DE-627)325263515</marc:subfield>
         <marc:subfield code="0">(DE-576)213973456</marc:subfield>
         <marc:subfield code="2">gnd-carrier</marc:subfield>
      </marc:datafield>
      <marc:datafield tag="700" ind1="1" ind2=" ">
         <marc:subfield code="a">Vandekeybus, Wim</marc:subfield>
         <marc:subfield code="e">ChoreografIn</marc:subfield>
         <marc:subfield code="4">chr</marc:subfield>
      </marc:datafield>
      <marc:datafield tag="935" ind1=" " ind2=" ">
         <marc:subfield code="c">vide</marc:subfield>
      </marc:datafield>
      <marc:datafield tag="936" ind1="r" ind2="v">
         <marc:subfield code="a">AP 59400</marc:subfield>
         <marc:subfield code="b">International, Allgemeines</marc:subfield>
         <marc:subfield code="k">Allgemeines</marc:subfield>
         <marc:subfield code="k">Medien- und Kommunikationswissenschaften, Kommunikationsdesign</marc:subfield>
         <marc:subfield code="k">Film</marc:subfield>
         <marc:subfield code="k">Film in einzelnen Ländern</marc:subfield>
         <marc:subfield code="k">Spielfilm</marc:subfield>
         <marc:subfield code="k">International, Allgemeines</marc:subfield>
         <marc:subfield code="0">(DE-627)1270691279</marc:subfield>
         <marc:subfield code="0">(DE-625)rvk/7791:658</marc:subfield>
         <marc:subfield code="0">(DE-576)200691279</marc:subfield>
      </marc:datafield>
      <marc:datafield tag="951" ind1=" " ind2=" ">
         <marc:subfield code="a">BO</marc:subfield>
      </marc:datafield>
   </marc:record>